@book{kftf,
  title={Keeping Found Things Found: The Study and Practice of Personal Information Management: The Study and Practice of Personal Information Management},
  author={Jones, William},
  year={2010},
  publisher={Morgan Kaufmann}
}
@article{cudre2007gridvine,
  title={Gridvine: An infrastructure for peer information management},
  author={Cudr{\'e}-Mauroux, Philippe and Agarwal, Suchit and Aberer, Karl},
  journal={IEEE Internet Computing},
  volume={11},
  number={5},
  pages={36--44},
  year={2007}
}
@article{tatarinov2003piazza,
  title={The Piazza peer data management project},
  author={Tatarinov, Igor and Ives, Zachary and Madhavan, Jayant and Halevy, Alon and Suciu, Dan and Dalvi, Nilesh and Dong, Xin Luna and Kadiyska, Yana and Miklau, Gerome and Mork, Peter},
  journal={ACM Sigmod Record},
  volume={32},
  number={3},
  pages={47--52},
  year={2003},
  publisher={ACM}
}
@inproceedings{horowitz2010anatomy,
  title={The anatomy of a large-scale social search engine},
  author={Horowitz, Damon and Kamvar, Sepandar D},
  booktitle={Proceedings of the 19th international conference on World wide web},
  pages={431--440},
  year={2010},
  organization={ACM}
}
@article{sweeney2002k,
  title={k-anonymity: A model for protecting privacy},
  author={Sweeney, Latanya},
  journal={International Journal of Uncertainty, Fuzziness and Knowledge-Based Systems},
  volume={10},
  number={05},
  pages={557--570},
  year={2002},
  publisher={World Scientific}
}
@incollection{dwork2006differential,
  title={Differential privacy},
  author={Dwork, Cynthia},
  booktitle={Automata, languages and programming},
  pages={1--12},
  year={2006},
  publisher={Springer}
}
@article{wang2006privacy,
  title={Privacy-enhancing technologies},
  author={Wang, Yang and Kobsa, Alfred},
  journal={Social and Organizational Liabilities in Information Security},
  pages={203--227},
  year={2006}
}
@article{van2012decentralized,
  title={A decentralized architecture for consolidating personal information ecosystems: The WebBox},
  author={Van Kleek, Max and Smith, Daniel Alexander and Shadbolt, Nigel and others},
  year={2012}
}
@inproceedings{harper2009facts,
  title={Facts or friends?: distinguishing informational and conversational questions in social Q\&A sites},
  author={Harper, F Maxwell and Moy, Daniel and Konstan, Joseph A},
  booktitle={Proceedings of the 27th international conference on Human factors in computing systems},
  pages={759--768},
  year={2009},
  organization={ACM}
}
@article{fernandez2001moral,
  title={The moral rights of authors in the age of digital information},
  author={Fern{\'a}ndez-Molina, J Carlos and Peis, Eduardo},
  journal={Journal of the American Society for Information Science and Technology},
  volume={52},
  number={2},
  pages={109--117},
  year={2001},
  publisher={Wiley Online Library}
}
@article{feynman1982simulating,
  title={Simulating physics with computers},
  author={Feynman, Richard P},
  journal={International journal of theoretical physics},
  volume={21},
  number={6},
  pages={467--488},
  year={1982},
  publisher={Springer}
}
@article{narayanan2010myths,
  title={Myths and fallacies of personally identifiable information},
  author={Narayanan, Arvind and Shmatikov, Vitaly},
  journal={Communications of the ACM},
  volume={53},
  number={6},
  pages={24--26},
  year={2010},
  publisher={ACM}
}
@book{shields1996cultures,
  title={Cultures of the Internet: Virtual spaces, real histories, living bodies},
  author={Shields, Rob},
  year={1996},
  publisher={Sage}
}
@article{blatt2013technological,
  title={Technological Changes in Maps and Cartography},
  author={Blatt, Amy J},
  journal={Journal of Map \& Geography Libraries},
  volume={9},
  number={3},
  pages={361--367},
  year={2013},
  publisher={Taylor \& Francis}
}
@incollection{dwork2006differential,
  title={Differential privacy},
  author={Dwork, Cynthia},
  booktitle={Automata, languages and programming},
  pages={1--12},
  year={2006},
  publisher={Springer}
}
@incollection{antoniou2004web,
  title={Web ontology language: Owl},
  author={Antoniou, Grigoris and Van Harmelen, Frank},
  booktitle={Handbook on ontologies},
  pages={67--92},
  year={2004},
  publisher={Springer}
}
@inproceedings{danezis2005statistical,
  title={Statistical disclosure or intersection attacks on anonymity systems},
  author={Danezis, George and Serjantov, Andrei},
  booktitle={Information Hiding},
  pages={293--308},
  year={2005},
  organization={Springer}
}
@article{perry2001dealing,
  title={Dealing with mobility: understanding access anytime, anywhere},
  author={Perry, Mark and O'hara, Kenton and Sellen, Abigail and Brown, Barry and Harper, Richard},
  journal={ACM Transactions on Computer-Human Interaction (TOCHI)},
  volume={8},
  number={4},
  pages={323--347},
  year={2001},
  publisher={ACM}
}
@article{malone1983people,
  title={How do people organize their desks?: Implications for the design of office information systems},
  author={Malone, Thomas W},
  journal={ACM Transactions on Information Systems (TOIS)}, 
  volume={1},
  number={1},
  pages={99--112},
  year={1983},
  publisher={ACM}
}
@article{purdue1997diy,
  title={DIY culture and extended milieux: LETS, veggie boxes and festivals},
  author={Purdue, Derrick and D{\"u}rrschmidt, J{\"o}rg and Jowers, Peter and O'Doherty, Richard},
  journal={The Sociological Review},
  volume={45},
  number={4},
  pages={645--667},
  year={1997},
  publisher={Wiley Online Library}
}

@article{von2001learning,
  title={Learning from open-source software},
  author={Von Hippel, Eric},
  journal={MIT Sloan management review},
  volume={42},
  number={4},
  pages={82--86},
  year={2001}
}
@inproceedings{bannon1997constructing,
  title={Constructing common information spaces},
  author={Bannon, Liam and B{\o}dker, Susanne},
  booktitle={Proceedings of the Fifth European Conference on Computer Supported Cooperative Work},
  pages={81--96},
  year={1997},
  organization={Springer}
}


@inproceedings{jones2001keeping,
  title={Keeping found things found on the web},
  author={Jones, William and Bruce, Harry and Dumais, Susan},
  booktitle={Proceedings of the tenth international conference on Information and knowledge management},
  pages={119--126},
  year={2001},
  organization={ACM}
}
@article{whittaker2011personal,
  title={Personal information management: from information consumption to curation},
  author={Whittaker, Steve},
  journal={Annual review of information science and technology},
  volume={45},
  number={1},
  pages={1--62},
  year={2011},
  publisher={Wiley Online Library}
}


@article{karger2006data,
  title={Data unification in personal information management},
  author={Karger, David R and Jones, William},
  journal={Communications of the ACM},
  volume={49},
  number={1},
  pages={77--82},
  year={2006},
  publisher={ACM}
}
@article{heath2011linked,
  title={Linked data: Evolving the web into a global data space},
  author={Heath, Tom and Bizer, Christian},
  journal={Synthesis lectures on the semantic web: theory and technology},
  volume={1},
  number={1},
  pages={1--136},
  year={2011},
  publisher={Morgan \& Claypool Publishers}
}
@article{selker2000context,
  title={Context-aware design and interaction in computer systems},
  author={Selker, Ted and Burleson, Winslow},
  journal={IBM systems Journal},
  volume={39},
  number={3.4},
  pages={880--891},
  year={2000},
  publisher={IBM}
}
@inproceedings{schilit1994context,
  title={Context-aware computing applications},
  author={Schilit, Bill and Adams, Norman and Want, Roy},
  booktitle={Mobile Computing Systems and Applications, 1994. WMCSA 1994. First Workshop on},
  pages={85--90},
  year={1994},
  organization={IEEE}
}
@article{dey2001understanding,
  title={Understanding and using context},
  author={Dey, Anind K},
  journal={Personal and ubiquitous computing},
  volume={5},
  number={1},
  pages={4--7},
  year={2001},
  publisher={Springer-Verlag}
}

@article{marshall2011challenges,
  title={Challenges and opportunities for personal digital archiving},
  author={Marshall, Catherine C},
  journal={Digital: Personal Collections in the Digital Era},
  pages={90--114},
  year={2011}
}


@inproceedings{muth1991atomic,
  title={Atomic commitment for integrated database systems},
  author={Muth, Peter and Rakow, Thomas C},
  booktitle={Data Engineering, 1991. Proceedings. Seventh International Conference on},
  pages={296--304},
  year={1991},
  organization={IEEE}
}
@book{stonebraker1986design,
  title={The design of Postgres},
  author={Stonebraker, Michael and Rowe, Lawrence A},
  volume={15},
  number={2},
  year={1986},
  publisher={ACM}
}
@article{intel_mashmaker,
  author = {Ennals, Rob and Brewer, Eric and Garofalakis, Minos and Shadle, Michael and Gandhi, Prashant},
  title = {{Intel Mash Maker: join the web}},
  journal = {SIGMOD Rec.},
  volume = {36},
  number = {4},
  year = {2007},
  pages = {27--33},
} 
@inproceedings{chohan2011database,
  title={Database-agnostic transaction support for cloud infrastructures},
  author={Chohan, Navraj and Bunch, Chris and Krintz, Chandra and Nomura, Yoshihide},
  booktitle={Cloud Computing (CLOUD), 2011 IEEE International Conference on},
  pages={692--699},
  year={2011},
  organization={IEEE}
}

@inproceedings{van2013carpe,
  title={Carp{\'e} data: supporting serendipitous data integration in personal information management},
  author={Van Kleek, Max and Smith, Daniel A and Packer, Heather S and Skinner, Jim and Shadbolt, Nigel R},
  booktitle={Proceedings of the SIGCHI Conference on Human Factors in Computing Systems},
  pages={2339--2348},
  year={2013},
  organization={ACM}
}

@article{schaller1997moore,
  title={Moore's law: past, present and future},
  author={Schaller, Robert R},
  journal={Spectrum, IEEE},
  volume={34},
  number={6},
  pages={52--59},
  year={1997},
  publisher={IEEE}
}


@inproceedings{Lin:2009:EPM:1502650.1502667,
 author = {Lin, James and Wong, Jeffrey and Nichols, Jeffrey and Cypher, Allen and Lau, Tessa A.},
 title = {End-user programming of mashups with vegemite},
 booktitle = {Proc. IUI '09},
 series = {},
 year = {2009},
 isbn = {978-1-60558-168-2},
 location = {Sanibel Island, Florida, USA},
 pages = {97--106},
 numpages = {10},
 url = {http://doi.acm.org/10.1145/1502650.1502667},
 doi = {10.1145/1502650.1502667},
 acmid = {1502667},
 publisher = {ACM},
 keywords = {automation, data integration, end-user programming, mashup, programming by demonstration, web},
}
@inproceedings{recordon2006openid,
  title={OpenID 2.0: a platform for user-centric identity management},
  author={Recordon, David and Reed, Drummond},
  booktitle={Proceedings of the second ACM workshop on Digital identity management},
  pages={11--16},
  year={2006},
  organization={ACM}
}
@article{bernstein2008information,
  title={Information scraps: How and why information eludes our personal information management tools},
  author={Bernstein, Michael and Van Kleek, Max and Karger, David and Schraefel, MC},
  journal={ACM Transactions on Information Systems (TOIS)},
  volume={26},
  number={4},
  pages={24},
  year={2008},
  publisher={ACM}
}
@inproceedings{van2011finders,
  title={Finders/keepers: a longitudinal study of people managing information scraps in a micro-note tool},
  author={Van Kleek, Max G and Styke, Wolfe and Karger, David and others},
  booktitle={Proceedings of the SIGCHI Conference on Human Factors in Computing Systems},
  pages={2907--2916},
  year={2011},
  organization={ACM}
}
@book{sellen2003myth,
  title={The myth of the paperless office},
  author={Sellen, Abigail J and Harper, Richard HR},
  year={2003},
  publisher={MIT press}
}
@inproceedings{van2009note,
  title={Note to self: examining personal information keeping in a lightweight note-taking tool},
  author={Van Kleek, Max G and Bernstein, Michael and Panovich, Katrina and Vargas, Gregory G and Karger, David R and Schraefel, MC},
  booktitle={Proceedings of the SIGCHI Conference on Human Factors in Computing Systems},
  pages={1477--1480},
  year={2009},
  organization={ACM}
}
@article{huang2000webid,
  title={WeBid: a web-based framework to support early supplier involvement in new product development},
  author={Huang, GQ and Mak, KL},
  journal={Robotics and Computer-Integrated Manufacturing},
  volume={16},
  number={2},
  pages={169--179},
  year={2000},
  publisher={Elsevier}
}
@inproceedings{armando2008formal,
  title={Formal analysis of SAML 2.0 web browser single sign-on: breaking the SAML-based single sign-on for google apps},
  author={Armando, Alessandro and Carbone, Roberto and Compagna, Luca and Cuellar, Jorge and Tobarra, Llanos},
  booktitle={Proceedings of the 6th ACM workshop on Formal methods in security engineering},
  pages={1--10},
  year={2008},
  organization={ACM}
}

@article{williams2013sasl,
  title={A SASL and GSS-API Mechanism for the BrowserID Authentication Protocol},
  author={Williams, Nico and Howard, Luke},
  year={2013}
}

@inproceedings{Wong:2007:MMM:1240624.1240842,
 author = {Wong, Jeffrey and Hong, Jason I.},
 title = {Making mashups with marmite: towards end-user programming for the web},
 booktitle = {Proc. CHI '07},
 series = {},
 year = {2007},
 isbn = {978-1-59593-593-9},
 location = {San Jose, California, USA},
 pages = {1435--1444},
 numpages = {10},
 url = {http://doi.acm.org/10.1145/1240624.1240842},
 doi = {10.1145/1240624.1240842},
 acmid = {1240842},
 publisher = {ACM},
 keywords = {end-user programming, mashup, spreadsheet, web services},
}
@inproceedings{newman1991pepys,
  title={PEPYS: Generating autobiographies by automatic tracking},
  author={Newman, William M and Eldridge, Margery A and Lamming, Michael G},
  booktitle={Proceedings of the Second European Conference on Computer-Supported Cooperative Work ECSCW’91},
  pages={175--188},
  year={1991},
  organization={Springer}
}
@inproceedings{chervenak1998protecting,
  title={Protecting file systems: A survey of backup techniques},
  author={Chervenak, Ann and Vellanki, Vivekenand and Kurmas, Zachary},
  booktitle={Proceedings Joint NASA and IEEE Mass Storage Conference},
  volume={3},
  year={1998}
}
@article{grasso2006survey,
  title={Survey of handheld computing among medical students},
  author={Grasso, Michael A and Yen, M Jim and Mintz, Matthew L},
  journal={Computer methods and programs in biomedicine},
  volume={82},
  number={3},
  pages={196--202},
  year={2006},
  publisher={Elsevier}
}

@article{suchanek2011paris,
 title={{PARIS: probabilistic alignment of relations, instances, and schema}},
 author={Suchanek, F.M. and Abiteboul, S. and Senellart, P.},
 journal={Proc. VLDB '11},
 volume={5},
 number={3},
 pages={157--168},
 year={2011},
}
@inproceedings{koshutanski2007distributed,
  title={Distributed identity management model for digital ecosystems},
  author={Koshutanski, Hristo and Ion, Mihaela and Telesca, Luigi},
  booktitle={Emerging Security Information, Systems, and Technologies, 2007. SecureWare 2007. The International Conference on},
  pages={132--138},
  year={2007},
  organization={IEEE}
}


@inproceedings{pirolli2005sensemaking,
  title={The sensemaking process and leverage points for analyst technology as identified through cognitive task analysis},
  author={Pirolli, Peter and Card, Stuart},
  booktitle={Proceedings of International Conference on Intelligence Analysis},
  volume={5},
  pages={2--4},
  year={2005}
}
@inproceedings{bellotti2004studies,
  title={What a to-do: studies of task management towards the design of a personal task list manager},
  author={Bellotti, Victoria and Dalal, Brinda and Good, Nathaniel and Flynn, Peter and Bobrow, Daniel G and Ducheneaut, Nicolas},
  booktitle={Proceedings of the SIGCHI conference on Human factors in computing systems},
  pages={735--742},
  year={2004},
  organization={ACM}
}
@article{wang2006privacy,
  title={Privacy-enhancing technologies},
  author={Wang, Yang and Kobsa, Alfred},
  journal={Social and Organizational Liabilities in Information Security},
  pages={203--227},
  year={2006}
}
@article{hardt2012oauth,
  title={The OAuth 2.0 Authorization Framework},
  author={Hardt, Dick},
  year={2012}
}

@techreport{ctrlshift,
  title={The new personal data landscape},
  year={2011},
  url = {http://ctrl-shift.co.uk/wordpress/wp-content/uploads/2011/11/The-new-personal-data-landscape-FINAL.pdf}
}
@inproceedings{van2009note,
  title={Note to self: examining personal information keeping in a lightweight note-taking tool},
  author={Van Kleek, Max G and Bernstein, Michael and Panovich, Katrina and Vargas, Gregory G and Karger, David R and Schraefel, MC},
  booktitle={Proceedings of the SIGCHI Conference on Human Factors in Computing Systems},
  pages={1477--1480},
  year={2009},
  organization={ACM}
}
@article{nadkarni2012people,
  title={Why do people use Facebook?},
  author={Nadkarni, Ashwini and Hofmann, Stefan G},
  journal={Personality and individual differences},
  volume={52},
  number={3},
  pages={243--249},
  year={2012},
  publisher={Elsevier}
}
@article{memex,
  title={As we may think},
  author={Bush, Vannevar},
  year={1945}
}
@book{nelson1987literary,
  title={Literary Machines: The Report On, and Of, Project Xanadu Concerning Word Processing, Electronic Publishing, Hypertext, Thinkertoys, Tomorrow's Intellectual Revolution, and Certain Other Topics Including Knowledge, Education and Freedom},
  author={Nelson, Theodor Holm},
  year={1987},
  publisher={Nelson Ted; Schooley's Mountain, NJ: distrib. by Distributors}
}
@inproceedings{engelbart1968research,
  title={A research center for augmenting human intellect},
  author={Engelbart, Douglas C and English, William K},
  booktitle={Proceedings of the December 9-11, 1968, fall joint computer conference, part I},
  pages={395--410},
  year={1968},
  organization={ACM}
}
@book{bell2010total,
  title={Total recall},
  author={Bell, C Gordon and Gemmell, Jim and Rosson, Christophe},
  year={2010},
  publisher={Dutton}
}

@inproceedings{schilit1993parctab,
  title={The PARCTAB mobile computing system},
  author={Schilit, Bill N and Adams, Norman and Gold, Rich and Tso, Michael M and Want, Roy},
  booktitle={Workstation Operating Systems, 1993. Proceedings., Fourth Workshop on},
  pages={34--39},
  year={1993},
  organization={IEEE}
}
@inproceedings{gemmell2002mylifebits,
  title={MyLifeBits: fulfilling the Memex vision},
  author={Gemmell, Jim and Bell, Gordon and Lueder, Roger and Drucker, Steven and Wong, Curtis},
  booktitle={Proceedings of the tenth ACM international conference on Multimedia},
  pages={235--238},
  year={2002},
  organization={ACM}
}
@inproceedings{fertig1996lifestreams,
  title={Lifestreams: an alternative to the desktop metaphor},
  author={Fertig, Scott and Freeman, Eric and Gelernter, David},
  booktitle={Conference companion on Human factors in computing systems},
  pages={410--411},
  year={1996},
  organization={ACM}
}


@article{RameshNHS,
author = {Randeep Ramesh},
title = {NHS patient data to be made available for sale to drug and insurance firms},
month = {January},
day = {19},
year = {2014},
journal={The Guardian},
url = {http://www.theguardian.com/society/2014/jan/19/nhs-patient-data-available-companies-buy}
}


@article{teevan2006personal,
  title={Personal information management},
  author={Teevan, Jaime and Jones, William and Bederson, Benjamin B},
  journal={Communications of the ACM},
  volume={49},
  number={1},
  pages={40--43},
  year={2006},
  publisher={IGI Global}
}


@article{agustin2001vendor,
  title={VENDOR RELATIONSHIP MANAGEMENT},
  author={Agustin, Joy M and Albritton, William McDaniel},
  year={2001}
}

@book{floridi2013,
  title={The Ethics of Information},
  author={Floridi, Luciano},
  year={2013},
  publisher={Oxford University Press}
}

@book{mayer-schonberger2013,
  title={Big Data: A Revolution That Will Transform How We Live, Work and Think},
  author={Mayer-Sch{\"o}nberger, Viktor and Cukier, Kenneth},
  year={2013},
  publisher={John Murray}
}

@inbook{novotny2013,
  title={Personal information markets and privacy: a new model to solve the controversy},
  author={Novotny, Alexander and Spiekermann, Sarah},
  booktitle={Digital Enlightenment Yearbook 2013: The Value of Personal Data},
  editor={Hildebrandt, Mireille and O’Hara, Kieron and Waidner, Michael},
  pages={102--120},
  year={2013},
publisher = {IOS Press},
}
@techreport{WEF-report,
   author={{Boston Consulting Group}},
   title={Unlocking the Value of Personal Data: From Collection to Usage},
   year={2013}
}
@article{narayanan2010,
  title={Myths and fallacies of ``personally identifying information’’},
  author={Narayanan, Arvind and Shmatikov, Vitaly},
  journal={Communications of the ACM},
  pages={24--26},
  volume={53(6)},
  year={2010}
}
@article{bandura1977self,
  title={Self-efficacy: toward a unifying theory of behavioral change.},
  author={Bandura, Albert},
  journal={Psychological review},
  volume={84},
  number={2},
  pages={191},
  year={1977},
  publisher={American Psychological Association}
}
@article{sophos-timeline,
  title={Facebook Timeline poll: 'Overwhelming negative' reaction},
  author={Suzanne Choney},
  month={Jan},
  day={27},
  year={2012},
url={http://www.today.com/tech/facebook-timeline-poll-overwhelming-negative-reaction-84717}
}
@article{mashable-timeline,
  title={Facebook Timeline and Users: Not Quite a Love Affair},
  author={Todd Olmstead},
  month={Jan},
  day={31},
  year={2012},
url={http://mashable.com/2012/01/31/facebook-timeline-poll-results/}
}


@misc{filemaker,
  title={Filemaker}} 
  author={{Filemaker Inc.}}
  year={1986}
}
@inbook{yang2012,
  title={Appendix 3: practical examples of some anonymisation techniques},
  author={Yang, Mu and Sassone, Vladimiro and O’Hara, Kieron},
  booktitle={Anonymisation: Managing Data Protection Risk Code of Practice},
  pages={80--103},
  year={2012},
publisher = {UK Information Commissioner’s Office},
}

@article{ohm2010,
  title={Broken promises of privacy: responding to the surprising failure of anonymization},
  author={Ohm, Paul},
  journal={UCLA Law Review},
  pages={1701-1777},
  volume={57},
  year={2010}
}

@article{whittaker2001character,
  title={The character, value, and management of personal paper archives},
  author={Whittaker, Steve and Hirschberg, Julia},
  journal={ACM Transactions on Computer-Human Interaction (TOCHI)},
  volume={8},
  number={2},
  pages={150--170},
  year={2001},
  publisher={ACM}
}
@inproceedings{odom2012technology,
  title={Technology heirlooms?: considerations for passing down and inheriting digital materials},
  author={Odom, William and Banks, Richard and Kirk, David and Harper, Richard and Lindley, Si{\^a}n and Sellen, Abigail},
  booktitle={Proceedings of the SIGCHI Conference on Human Factors in Computing Systems},
  pages={337--346},
  year={2012},
  organization={ACM}
}


@article{banisar1999global,
  title={Global Trends in Privacy Protection: An International Survey of Privacy, Data Protection, and Surveillance Laws and Developments},
  author={Banisar, David and Davies, Simon},
  journal={John Marshall Journal of Computer \& Information Law},
  volume={18},
  number={1},
  year={1999}
}
@book{bygrave2002data,
  title={Data protection law},
  author={Bygrave, Lee A},
  year={2002},
  publisher={Kluwer Law International}
}
@book{cavoukian2011,
  title={Dispelling the Myths Surrounding De-identification: Anonymization Remains a Strong Tool for Protecting Privacy},
  author={Cavoukian, Ann and El Emam, Khaled},
  year={2011},
  publisher={Office of the Privacy and Information Commissioner, Ontario}
}
@article{pirolli1999information,
  title={Information foraging.},
  author={Pirolli, Peter and Card, Stuart},
  journal={Psychological review},
  volume={106},
  number={4},
  pages={643},
  year={1999},
  publisher={American Psychological Association}
}
@inproceedings{teevan2004perfect,
  title={The perfect search engine is not enough: a study of orienteering behavior in directed search},
  author={Teevan, Jaime and Alvarado, Christine and Ackerman, Mark S and Karger, David R},
  booktitle={Proceedings of the SIGCHI conference on Human factors in computing systems},
  pages={415--422},
  year={2004},
  organization={ACM}
}
@article{vakkari2003task,
  title={Task-based information searching},
  author={Vakkari, Pertti},
  journal={Annual review of information science and technology},
  volume={37},
  number={1},
  pages={413--464},
  year={2003},
  publisher={Wiley Online Library}
}
@article{osiobe1988information,
  title={Information seeking behaviour},
  author={Osiobe, Stephen A},
  journal={International Library Review},
  volume={20},
  number={3},
  pages={337--346},
  year={1988},
  publisher={Academic Press}
}


@inproceedings{benyon1997navigation,
  title={Navigation in Information Spaces: supporting the individual},
  author={Benyon, David and H{\"o}{\"o}k, Kristina},
  booktitle={Human-Computer Interaction INTERACT’97},
  pages={39--46},
  year={1997},
  organization={Springer}
}

@inproceedings{chi2001using,
  title={Using information scent to model user information needs and actions and the Web},
  author={Chi, Ed H and Pirolli, Peter and Chen, Kim and Pitkow, James},
  booktitle={Proceedings of the SIGCHI conference on Human factors in computing systems},
  pages={490--497},
  year={2001},
  organization={ACM}
}


@book{fung2007,
  title={Full Disclosure: The Perils and Promise of Transparency},
  author={ Fung, Archon and Graham, Mary  and Weil, David },
  year={2007},
  publisher={Cambridge University Press}
}

@article{ohara2014,
  title={The information spring},
  author={O’Hara, Kieron},
  journal={IEEE Internet Computing},
  volume={18(2)},
  year={2014}
}

@inbook{midata,
  title={Midata: towards a personal information revolution},
  author={Shadbolt, Nigel},
  booktitle={Digital Enlightenment Yearbook 2013: The Value of Personal Data},
  editor={Hildebrandt, Mireille and O’Hara, Kieron and Waidner, Michael},
  pages={202--224},
  year={2013},
publisher = {IOS Press},
}

@inbook{heath2013,
  title={Digital enlightenment, Mydex, and restoring control over personal data to the individual},
  author={Heath, William and Alexander, David and Booth, Phil},
  booktitle={Digital Enlightenment Yearbook 2013: The Value of Personal Data},
  editor={Hildebrandt, Mireille and O’Hara, Kieron and Waidner, Michael},
  pages={253--269},
  year={2013},
publisher = {IOS Press},
}

@article{ohara2013,
  title={Are we getting privacy the wrong way round?},
  author={O’Hara, Kieron},
  journal={IEEE Internet Computing},
  volume={17(4)},
  pages={89--92},
  year={2014}
}

@article{posner1981,
  title={The economics of privacy},
  author={Posner, Richard A.},
  journal={American Economic Review},
  volume={71},
  pages={405--409},
  year={1981}
}
@article{euzenat2004api,
 title={{An API for ontology alignment}},
 author={Euzenat, J.},
 journal={Proc ISWC '04},
 pages={698--712},
 year={2004}
}

@article{doan2003learning,
 title={{Learning to match ontologies on the Semantic Web}},
 author={Doan, A.H. and Madhavan, J. and Dhamankar, R. and Domingos, P. and Halevy, A.},
 journal={VLDB Journal},
 volume={12},
 number={4},
 pages={303--319},
 year={2003}
}

@article{castano2006matching,
 title={{Matching ontologies in open networked systems: Techniques and applications}},
 author={Castano, S. and Ferrara, A. and Montanelli, S.},
 journal={Journal on Data Semantics V},
 pages={25--63},
 year={2006},
}
@inproceedings{Hall2013,
author = {Hall, Wendy and Tiropanis, Thanassis and Tinati, Ramine and Booth, Paul and Gaskell, Paul},
booktitle = {Workshop on Building Web Observatories (BWOW) at the International Web Science 13 Conference (WS13)},
file = {:C$\backslash$:/Users/Ramine/AppData/Local/Mendeley Ltd./Mendeley Desktop/Downloaded/Hall et al. - Unknown - The Southampton University Web Observatory.pdf:pdf},
keywords = {analytics,big data,visualisation,web observatory,web science},
pages = {1--4},
title = {{The Southampton University Web Observatory}},
url = {http://eprints.soton.ac.uk/352287/1/bwebobs13\_The Southampton University Web Observatory.pdf},
year = {2013}
}

@article{Hall2014,
author = {Hall, Wendy and Tiropanis, Thanassis and Tinati, Ramine and Booth, Paul and Gaskell, Paul and Hare, Jonathon and Carr, Leslie},
file = {:C$\backslash$:/Users/Ramine/AppData/Local/Mendeley Ltd./Mendeley Desktop/Downloaded/Hall et al. - Unknown - The Southampton University Web Observatory.pdf:pdf},
keywords = {analytics,big data,visualisation,web observatory,web science},
pages = {1--4},
title = {{The Southampton University Web Observatory}}
}
@article{Tiropanis2013,
author = {Tiropanis, Thanassis and Hall, Wendy and Shadbolt, Nigel and {De Roure}, David and Contractor, Noshir and Hendler, Jim},
doi = {10.1109/MIS.2013.50},
file = {:C$\backslash$:/Users/Ramine/Dropbox/PhD/References/Web Observatory/TheWebScienceObservatory-postprint.pdf:pdf},
issn = {1541-1672},
journal = {IEEE Intelligent Systems},
month = mar,
number = {2},
pages = {100--104},
title = {{The Web Science Observatory}},
url = {http://ieeexplore.ieee.org/lpdocs/epic03/wrapper.htm?arnumber=6547975},
volume = {28},
year = {2013}
}
@article{li2011provably,
  title={Provably private data anonymization: Or, k-anonymity meets differential privacy},
  author={Li, Ninghui and Qardaji, Wahbeh H and Su, Dong},
  journal={CoRR, abs/1101.2604},
  year={2011}
}
@article{reich2001lockss,
  title={LOCKSS: A permanent web publishing and access system},
  author={Reich, Vicky and Rosenthal, David SH},
  journal={D-Lib Magazine},
  volume={7},
  number={6},
  pages={14},
  year={2001},
  publisher={Springer}
}
@inproceedings{reiher1996peer,
  title={Peer-to-peer reconciliation based replication for mobile computers},
  author={Reiher, Peter and Popek, Jerry and Gunter, Michial and Salomone, John and Ratner, David},
  booktitle={European Conference on Object Oriented Programming, Second Workshop on Mobility and Replication},
  year={1996},
  organization={Citeseer}
}
@inproceedings{sun1998operational,
  title={Operational transformation in real-time group editors: issues, algorithms, and achievements},
  author={Sun, Chengzheng and Ellis, Clarence},
  booktitle={Proceedings of the 1998 ACM conference on Computer supported cooperative work},
  pages={59--68},
  year={1998},
  organization={ACM}
}
@article{de2006use,
  title={The use of routinely collected computer data for research in primary care: opportunities and challenges},
  author={de Lusignan, Simon and van Weel, Chris},
  journal={Family Practice},
  volume={23},
  number={2},
  pages={253--263},
  year={2006},
  publisher={Oxford Univ Press}
}